@book{intro_algo,
    author    = "Cormen, Thomas H. and Leiserson, Charles E. and Rivest, Ronald L. and Stein, Clifford",
    title     = "Introduction to Algorithms",
    publisher = "The MIT Press",
    edition  = "Third",
    year      = "2009"    
}

@misc{ieor_mst ,
author = {Hochbaum, Dorit S.},
title = {Network Flows and Graphs - Lecture 25},
howpublished = {Dispon√≠vel em \url{http://www.ieor.berkeley.edu/~ieor266/Lecture25.pdf} (2015/03/26)}
}
